@string{INRIA =	"Institut National de Recherche en Informatique et en
  				  Automatique"}

@Book{AbSt73,
  author =    "Milton Abramowitz and Irene A. Stegun",
  title =    "Handbook of Mathematical Functions",
  publisher =    "Dover",
  year =    "1973"
}

@Article{Brent78,
  author =       {Richard P. Brent},
  title =        {A {F}ortran Multiple-Precision Arithmetic Package},
  journal =      toms,
  year =         1978,
  volume =       4,
  number =       1,
  pages =        {57--70}
}

@TechReport{Jeandel00,
  author = 	 {Emmanuel Jeandel},
  title = 	 {{\'E}valuation rapide de fonctions hyperg\'eom\'etriques},
  institution =  INRIA,
  year = 	 2000,
  type =	 {Rapport technique},
  number =	 242,
  month =	 jul,
  note =	 {17 pages, {\tt http://www.inria.fr/RRRT/RT-0242.html}}
}
